<?xml version="1.0" encoding="UTF-8"?><collection xmlns="http://www.loc.gov/MARC21/slim"><record><leader>00411nam--2200121-i-4500</leader><controlfield tag="001">000019383</controlfield><controlfield tag="002">20161230</controlfield><controlfield tag="005">20161230201033</controlfield><controlfield tag="008">060222s1000------------r-----000-0-eng-d</controlfield><datafield ind1=" " ind2=" " tag="080"><subfield code="a">001.89:65.012.23</subfield></datafield><datafield ind1=" " ind2=" " tag="245"><subfield code="a">Conjunctura economiei mondiala.studii privind situatia in 1970 si previziuni pe 1971</subfield></datafield><datafield ind1=" " ind2=" " tag="260"><subfield code="a">Bucuresti, Institutul Pentru Studierea Conjuncturii Economiei Internationale, 1971. 403 P</subfield></datafield><datafield ind1=" " ind2=" " tag="852"><subfield code="a">37737</subfield></datafield></record></collection>